@article{sun2011pathsim,
  title={Pathsim: Meta path-based top-k similarity search in heterogeneous information networks},
  author={Sun, Yizhou and Han, Jiawei and Yan, Xifeng and Yu, Philip S and Wu, Tianyi},
  journal={VLDBâ€™11},
  year={2011}
}

@article{page1999pagerank,
  title={The PageRank citation ranking: Bringing order to the web.},
  author={Page, Lawrence and Brin, Sergey and Motwani, Rajeev and Winograd, Terry},
  year={1999},
  publisher={Stanford InfoLab}
}

@inproceedings{jeh2002simrank,
  title={SimRank: a measure of structural-context similarity},
  author={Jeh, Glen and Widom, Jennifer},
  booktitle={Proceedings of the eighth ACM SIGKDD international conference on Knowledge discovery and data mining},
  pages={538--543},
  year={2002},
  organization={ACM}
}

@inproceedings{xu2007scan,
  title={SCAN: a structural clustering algorithm for networks},
  author={Xu, Xiaowei and Yuruk, Nurcan and Feng, Zhidan and Schweiger, Thomas AJ},
  booktitle={Proceedings of the 13th ACM SIGKDD international conference on Knowledge discovery and data mining},
  pages={824--833},
  year={2007},
  organization={ACM}
}

@article{dorigo1997ant,
  title={Ant colony system: a cooperative learning approach to the traveling salesman problem},
  author={Dorigo, Marco and Gambardella, Luca Maria},
  journal={Evolutionary Computation, IEEE Transactions on},
  volume={1},
  number={1},
  pages={53--66},
  year={1997},
  publisher={IEEE}
}

@article{low2010graphlab,
  title={Graphlab: A new framework for parallel machine learning},
  author={Low, Yucheng and Gonzalez, Joseph and Kyrola, Aapo and Bickson, Danny and Guestrin, Carlos and Hellerstein, Joseph M},
  journal={arXiv preprint arXiv:1006.4990},
  year={2010}
}

@inproceedings{xin2013graphx,
  title={Graphx: A resilient distributed graph system on spark},
  author={Xin, Reynold S and Gonzalez, Joseph E and Franklin, Michael J and Stoica, Ion},
  booktitle={First International Workshop on Graph Data Management Experiences and Systems},
  pages={2},
  year={2013},
  organization={ACM}
}
